2127 2978
904 106 1089 132 APPENDIX
1108 106 1156 137 111,
1170 106 1194 132 3.
1811 107 1872 136 467

227 191 449 222 communione
474 191 690 232 suspendit55.
738 190 791 221 Sic
814 191 912 232 igitur
936 203 1127 233 permanere
1152 192 1182 222 in
1209 191 1380 222 sanctitate
1406 194 1555 222 scrvantc
1581 194 1723 228 constat,
1755 191 1872 221 fratres

227 241 441 279 dilectissimi,
473 242 561 284 quia„
597 242 672 273 dum
703 253 760 273 vos
790 242 831 273 ab
868 243 1027 274 ecclesiae
1057 244 1182 274 unitate
1213 243 1414 284 disiungitis,
1447 253 1539 274 omne
1564 243 1690 274 virtutis
1722 242 1871 273 meritum

228 293 424 334 perdidistis,
449 294 547 324 etiam
567 294 593 325 si
610 297 698 325 recte
715 294 872 326 teneatis:
898 295 1050 336 scriptum
1068 295 1185 336 quippe
1204 298 1268 325 est:
1294 294 1423 326 ‘Pacem
1443 295 1616 336 sequimini
1634 305 1705 325 cum
1724 293 1871 324 omnibus
1883 304 1947 324 ΗΘΜ.
1962 306 1992 329 12,
2005 306 2035 325 14.

228 348 260 375 et
283 345 539 382 sanctimoniam,
564 346 634 376 sine
660 355 723 386 qua
746 356 838 376 nemo
863 345 984 377 videbit
1008 345 1136 377 Deum‘.

330 396 435 428 Multa
458 397 557 428 locuti
587 408 710 435 sumus,
738 398 814 438 quia
843 400 875 428 et
899 397 938 427 ad
963 397 1064 428 multa
1088 396 1308 427 ratiocinando
1332 397 1569 439 respondimus.
1614 396 1657 427 Et
1682 407 1753 427 eum
1778 396 1871 427 testi-

231 448 339 479 monia
365 458 406 479 ex
431 452 558 490 patrum
584 448 678 479 dictis
704 449 872 479 innumera
889 452 1109 490 suppeterent,
1133 458 1298 490 perpauca
1315 449 1489 490 posuimus,
1515 448 1667 478 videlicet
1692 448 1871 489 cupientes,

227 502 262 530 ut
285 500 405 542 scripta
438 504 548 531 nostra
573 500 604 530 in
630 500 737 530 causis
763 500 897 541 singulis
922 501 1064 530 narratio
1089 500 1235 530 breviata
1259 501 1478 541 succingeret7
1503 511 1542 530 ne
1567 500 1705 530 fortasse
1731 499 1871 530 taedium

227 551 349 592 legenti
373 556 578 593 generarent.
625 551 732 581 Unum
757 555 881 588 autem,
915 551 999 592 quod
1024 552 1087 581 iam
1112 552 1261 593 superius
1294 551 1448 586 diximus,
1478 562 1542 582 non
1567 551 1690 589 taedet,
1724 552 1748 581 si
1774 552 1871 582 etiam

227 603 340 634 crebro
365 604 570 645 replicemus,
596 603 670 644 quia
695 602 791 633 fidem
815 606 946 633 sanctae
965 602 1240 633 Chalcedonensis
1266 603 1381 643 synodi
1406 603 1563 633 illibatam
1587 613 1645 644 per
1670 604 1778 634 omnia
1802 603 1873 634 Deo

169 666 191 683 ιο
227 658 360 686 auctore
385 666 551 686 servamus
577 656 710 695 eiusque
739 654 959 691 definitiones,
989 655 1071 685 sieut
1096 654 1291 696 Ephcsenae
1325 655 1461 695 primae,
1494 654 1872 696 Constantinopolitanae

227 717 264 737 ac
282 706 446 738 Nicaenae
472 706 585 748 synodi
610 706 863 737 irretractabiles
888 716 972 736 nunc
990 716 1091 746 usque
1110 706 1271 736 tenuimus
1293 705 1343 736 vcl
1368 709 1472 736 morte
1496 706 1663 746 proposita
1687 706 1871 736 irretracta-

227 757 308 789 biles
334 758 543 789 custodimus,
583 757 704 788 Vestra
728 757 825 798 igitur
849 757 978 787 dilectio
1004 757 1265 788 communionem
1290 757 1433 787 fidelium
1458 757 1711 787 orthodoxorum
1738 757 1872 787 fratrum

227 820 291 840 non
314 809 431 851 fugiat,
457 820 496 841 ne
522 809 703 851 praesentis
728 810 816 839 vocis
842 812 970 839 nostrae
996 809 1207 843 adiutorium
1234 810 1259 839 si
1285 810 1396 840 audire
1421 809 1621 850 neglexerit„
1647 812 1758 839 contra
1783 819 1816 839 se
1841 809 1872 839 in

227 862 448 892 testimonium
474 865 588 892 vertat.
635 861 701 891 Nos
731 864 838 892 autem
870 861 910 891 ad
941 860 1047 891 Deum
1077 864 1150 902 post
1180 861 1278 891 verba
1309 861 1500 891 recurrimus
1530 871 1685 901 cumque,
1720 863 1873 901 quantum

170 925 191 942 15·
229 924 413 955 possumus7
444 913 574 944 fletibus
605 923 794 948 exoramus,
827 916 861 943 ut
892 913 952 943 hoc
985 912 1070 953 quod
1096 913 1188 943 vobis
1219 913 1259 943 ad
1290 912 1488 954 sequendam
1514 912 1715 943 concordiam
1740 912 1873 942 anobis

226 965 352 1003 dicitur,
377 965 446 1006 ipse
471 965 502 995 in
528 965 640 995 vestris
666 965 826 995 mentibus
851 975 947 995 manu
973 965 1105 995 intimae
1131 965 1353 1006 inspirationis
1378 967 1539 1006 operetur.

328 1062 369 1092 55)
389 1060 429 1092 Cf.
444 1060 591 1093 Aayuslim'
614 1059 670 1084 libr.
695 1058 726 1084 dc
749 1059 830 1084 unico
855 1058 925 1091 bapt.
948 1066 1003 1091 cap.
1021 1062 1047 1084 13
1066 1058 1146 1091 (Opp.
1167 1058 1222 1091 IX,
1235 1060 1303 1089 538).
1344 1058 1383 1089 Cf.
1405 1058 1517 1090 Anywst.
1537 1065 1575 1090 cp.
1592 1060 1640 1083 108
1658 1058 1736 1089 (255).

1618 2785 1651 2810 59
1659 2785 1673 2799 *⁴
