2127 2978
894 105 1075 130 APPENDIX
1096 105 1143 136 HI,
1157 107 1181 132 3.
1794 113 1855 141 459

314 187 405 219 Haec
437 189 477 220 de
510 190 683 221 innumeris
714 201 816 232 pauca
849 192 1056 233 protulimus,
1089 196 1123 223 ut
1156 193 1245 234 quasi
1278 204 1335 235 per
1365 194 1509 226 foramen
1542 200 1726 237 angustum.
1761 208 1855 238 quam

212 239 341 269 nimium
366 240 552 272 barathrum
584 242 666 272 intus
696 242 810 281 lateat,
839 248 1098 275 monstrarenms.
1144 244 1229 275 Ecce
1258 246 1368 286 quales
1401 247 1472 287 plus
1502 258 1597 288 qnam
1623 248 1734 279 deceni
1758 250 1853 280 millia

212 289 310 320 libros
334 291 523 323 Theodorus
547 294 709 334 scripsisse
732 294 936 335 perhibetur!
981 295 1119 326 I'ensate
1144 306 1275 337 quaese,
1301 298 1325 327 si
1350 308 1413 328 uon
1438 302 1526 329 tanto
1551 300 1674 330 acriora.
1698 304 1854 331 tormenta

213 343 406 381 promeruit.
432 348 550 384 quanto
575 345 715 386 pluriora
740 347 935 388 conseripsit.
982 347 1046 377 Sed
1077 347 1157 378 haec
1185 348 1267 378 illius
1292 349 1375 379 dicta
1400 360 1481 391 quae
1506 352 1632 392 prolata
1656 356 1727 383 sunt
1751 357 1855 384 utrum

167 399 175 415 '·
214 393 280 423 eius
306 394 383 431 sint,
420 395 553 426 fortasse
579 396 751 428 dubitatur.
799 398 947 430 Patrum.
973 399 997 429 si
1022 399 1144 440 placet,
1175 400 1293 441 scripta
1317 401 1533 442 proferamus,
1566 404 1610 433 ita
1633 408 1668 434 ut
1691 405 1776 446 apud
1800 416 1856 436 vos

210 444 307 474 libros
332 446 409 485 eius,
434 458 512 488 quos
537 447 576 479 de
594 449 729 490 perfidia
746 449 827 480 illius
845 453 945 480 testes
963 450 1165 489 deduximus,
1191 451 1336 483 deductis
1354 453 1484 494 insuper
1501 455 1633 486 testibus
1649 456 1854 488 affirmemus.

210 495 383 527 Armeniae
419 499 537 540 quippe
568 501 710 542 episcopi
740 501 853 532 Proclo
884 501 1258 543 constantinopolitanac
1295 504 1380 535 urbis
1417 506 1547 536 antistiti
1585 507 1710 539 libellos
1746 512 1854 539 contra

210 546 413 579 Theodorum
438 551 638 591 porrigentes
663 552 824 583 dicunt³⁵z
857 553 941 584 Fuit
964 555 1077 595 aliquis
1100 556 1200 596 pestis
1224 556 1335 588 homo.
1368 559 1471 598 magis
1495 562 1602 589 autem
1628 561 1694 591 fera
1720 561 1855 592 hominis

210 598 332 630 habens
357 602 491 632 formam
517 603 717 643 diabolicam,
742 606 875 636 mentito
901 607 1028 636 nomine
1053 606 1261 644 Theodorus,
1286 609 1336 649 qui
1363 609 1493 640 schema
1518 615 1550 641 et
1573 622 1689 642 11011101]
1715 614 1855 654 episcopi

152 657 174 674 ¹¹¹
211 650 335 689 habuit,
366 653 396 683 in
426 655 543 695 angulo
575 660 607 686 et
634 657 767 697 ignobili
797 657 866 688 loco
899 658 984 688 orbis
1013 662 1168 689 terrarum
1197 659 1325 690 latitans
1354 661 1385 691 11]
1414 661 1666 703 Mompsuestino
1696 666 1855 696 secundae

210 703 340 735 Ciliciae
358 705 429 735 veld
456 707 584 748 oppido,
608 719 684 739 vere
709 709 839 749 quidem
864 713 896 739 et
920 710 1139 751 principaliter
1162 721 1180 741 a
1198 711 1299 742 Paulo
1318 711 1528 744 Samosateno
1547 714 1757 751 descendens„
1782 718 1856 748 licet

208 753 346 786 Photino
372 760 404 787 et
421 759 535 789 ceteris
552 759 763 791 heresiarchis
786 761 817 791 in
841 761 921 792 libro
940 761 979 792 de
998 762 1215 793 incarnatione
1241 763 1359 794 domini
1384 767 1482 796 nostri
1500 766 1573 797 Iesu
1592 766 1708 799 (unisti
1733 769 1763 799 in
1789 772 1855 799 toto

209 817 264 836 suo
289 810 454 850 proposito
479 811 554 852 ipsis
579 812 683 842 verbis
716 813 894 843 inveniatur
925 824 1012 845 usus.
1045 818 1076 844 et
1107 814 1131 844 si
1156 814 1231 855 quid
1255 816 1356 856 peius.
1403 816 1468 848 Iste
1498 829 1555 859 per
1587 820 1855 851 machinationem

211 862 242 888 et
265 859 431 892 audaciam
457 866 489 892 et
513 873 653 893 errorem
679 863 797 894 diaboli
814 865 943 895 volebat
968 876 1078 895 01111105
1094 865 1239 896 homines
1263 872 1356 898 acuta
1382 879 1438 899 sua
1456 870 1536 900 sicut
1560 871 1710 902 colubrae
1728 873 1855 914 linguae

152 916 174 933 ¹⁷*
212 922 345 945 veneno.
372 913 457 954 quod
481 915 538 946 sub
563 915 673 956 lingua
697 916 816 957 aspidis
841 921 899 955 est,
925 917 1082 958 deperire.
1121 917 1163 948 Et
1187 918 1312 949 interim
1336 920 1464 961 quidem
1490 922 1688 954 retinebatur
1704 935 1760 955 suo
1784 925 1855 955 lati-

210 963 299 1003 bulo,
335 966 448 996 timens
478 970 672 1008 potestatem
704 979 813 999 eorum
844 970 896 1010 qui
928 980 946 999 a
978 980 1094 1010 magno
1124 969 1196 1000 Deo
1230 975 1261 1001 et
1292 972 1450 1003 salvatore
1485 978 1591 1004 nostro
1624 975 1697 1006 lesu
1730 976 1855 1007 Christo

207 1022 400 1058 acceperunt
424 1019 548 1049 calcare
572 1030 668 1061 super
692 1020 837 1050 colubres
862 1024 894 1050 et
917 1021 1057 1062 scorpios
1082 1026 1114 1051 et
1139 1032 1249 1052 01111105
1274 1023 1406 1054 virtutes
1435 1025 1550 1056 inimici
1565 1026 1607 1055 3’ῑῑ
1644 1026 1714 1058 dico
1748 1032 1854 1059 autem

208 1073 334 1100 sanctos
363 1071 526 1111 apostolos
558 1075 590 1101 et
619 1072 671 1112 qui
702 1076 936 1113 consequenter
960 1073 1000 1103 ab
1026 1073 1074 1103 1115
1105 1080 1331 1114 susceperunt,
1362 1080 1518 1117 martyres
1544 1081 1575 1107 ct
1600 1080 1798 1110 confessores
1824 1084 1856 1111 ct

209 1121 377 1162 episcopos
402 1127 433 1152 et
458 1127 583 1153 ceteros¹
608 1126 743 1154 sanctos,
792 1124 925 1154 Invento
951 1128 1074 1159 autem,
1105 1125 1212 1155 nescio
1238 1136 1299 1166 quo
1325 1126 1435 1163 modo.
1461 1132 1606 1169 tempore
1631 1131 1737 1172 coepit
1761 1142 1855 1172 repe-

149 1180 173 1196 '-’¹¹
210 1176 302 1204 teree
333 1178 364 1204 et
395 1178 487 1204 extra
511 1174 589 1205 fines
621 1185 694 1205 suos
728 1174 874 1205 fiduciam
904 1186 1019 1216 gerens
1051 1180 1082 1206 et-
1110 1177 1140 1206 in
1172 1177 1356 1217 parochiam
1381 1178 1421 1208 ad
1447 1190 1518 1209 eum
1544 1191 1605 1211 11011
1630 1183 1855 1223 pertinentem.

209 1228 371 1266 tamquam
396 1226 538 1257 eruditus
562 1227 806 1259 sermocinator.
839 1232 870 1257 et
895 1227 925 1257 11]
949 1227 1120 1258 Antiochia
1146 1228 1256 1269 Syriae
1282 1230 1311 1259 in
1337 1230 1473 1260 ecelesia
1498 1232 1664 1273 alloquens
1689 1235 1733 1264 sic
1759 1235 1855 1266 dixit:

208 1277 324 1308 'Homo
352 1278 454 1317 Iesus,
486 1279 572 1320 ‘quid
597 1284 646 1309 est
671 1280 754 1310 enim
785 1280 895 1313 homo.
921 1279 1005 1320 quod
1031 1291 1154 1310 memor
1178 1292 1211 1311 es
1237 1281 1304 1311 01115
1318 1280 1340 1312 “.”
1386 1282 1562 1323 Apostolus
1586 1289 1693 1316 autem
1718 1286 1757 1317 de
1784 1287 1962 1317 lesui-2³1„

207 1329 325 1360 dictum
350 1331 446 1360 fuisse
472 1330 531 1361 1100
561 1331 693 1362 dixit³³⁷z
726 1331 819 1361 “Eum
845 1332 927 1362 enim
953 1332 1005 1372 qui
1031 1333 1125 1373 paulo
1150 1333 1255 1363 minus
1279 1333 1319 1363 ab
1345 1335 1468 1375 angelis
1492 1336 1667 1368 minoratus
1693 1342 1750 1373 cst,
1777 1338 1991 1370 vi‹li-n··1»1·,·.›r‹.›.

207 1381 296 1419 mus',
322 1382 436 1423 inquit.
463 1383 601 1413 “10511111’.
649 1383 733 1418 Quid
758 1388 858 1424 crgo?
905 1383 1011 1414 Homo
1038 1383 1126 1414 105115
1161 1385 1305 1415 similiter
1330 1387 1476 1417 omnibus
1508 1388 1701 1420 hominibus.
1738 1391 1854 1421 nullam

148 1441 172 1458 2⁵
209 1433 330 1464 habens
349 1434 563 1466 differentiam
582 1435 622 1465 ab
641 1435 768 1466 homine
787 1436 931 1466 eiusdem
949 1436 1077 1475 generis
1102 1440 1231 1477 praeter
1249 1447 1287 1467 ea
1312 1448 1393 1478 quae
1419 1440 1519 1479 gratia
1538 1441 1566 1470 ei
1585 1441 1694 1473 deditI
1735 1442 1856 1478 Quibus

206 1484 338 1516 Proclus
361 1486 735 1528 (¹onstantinopolitanae
760 1487 846 1518 urbis
871 1488 1039 1528 episcopus
1064 1488 1242 1518 rescribens
1266 1489 1360 1519 ait³⁸z
1387 1489 1572 1531 ‘Fugiamus
1598 1493 1798 1523 turbulentos
1825 1499 1855 1523 ot

208 1537 413 1568 caenodoxos
438 1539 585 1569 fallaciae
616 1539 699 1569 rivos
730 1542 834 1569 sectas
858 1538 919 1569 Dei
952 1539 1192 1580 impugnantes:
1226 1539 1295 1571 dico
1320 1541 1389 1571 Arii
1419 1541 1559 1573 furorem
1585 1543 1780 1576 dividentem
1811 1546 1854 1575 in-

208 1588 368 1620 dividuam
394 1590 584 1629 trinitatem,
615 1590 763 1621 Eunomii
794 1590 961 1621 audaciam
991 1591 1294 1622 circumcludentem
1319 1593 1468 1623 seientiaf
1498 1594 1854 1636 111001111110110115111110111

208 1646 367 1679 naturam,
393 1642 573 1673 Macedonii
598 1643 720 1673 rabiem
745 1646 949 1683 separantem
975 1653 993 1672 a
1017 1642 1138 1673 deitate
1163 1643 1421 1685 inseparabiliter
1451 1646 1680 1686 procedentem
1713 1649 1854 1689 spiritum

148 1701 172 1718 ἓν*
209 1696 240 1723 et
264 1704 379 1724 novam
404 1695 497 1724 istam
522 1694 765 1736 blasphemiam.
791 1704 874 1735 quae
898 1694 1051 1724 Iudaismi
1076 1695 1175 1724 multo
1193 1695 1329 1736 amplius
1347 1696 1579 1737 blasphemiam
1597 1704 1737 1741 superat.
1772 1700 1854 1730 Nam

207 1745 250 1775 illi
275 1745 403 1786 quidem
429 1756 501 1776 01111]
525 1746 623 1776 filium
648 1750 768 1787 negant
792 1746 978 1776 fraudantes
1003 1756 1090 1776 ramo
1115 1746 1267 1786 radicem,
1292 1748 1341 1778 isti
1360 1759 1436 1779 vero
1462 1760 1533 1780 eum
1560 1751 1611 1791 qui
1637 1756 1694 1787 est,
1720 1752 1853 1782 alterum

207 1796 410 1828 introducunt
436 1798 644 1829 detrahentes
668 1799 822 1829 sinceram
848 1797 1014 1829 naturam’.
1062 1798 1183 1829 Rursus
1214 1798 1253 1829 (10
1287 1800 1377 1830 11111115
1409 1811 1515 1831 errore
1540 1802 1699 1833 Iohannes
1730 1815 1855 1845 quoquc

206 1848 429 1880 Antiochenac
455 1851 609 1881 eeclesiae
635 1851 768 1881 antistes
798 1851 856 1881 ait:
888 1850 999 1880 ‘Multo
1030 1854 1139 1880 autem
1165 1854 1309 1892 tempore
1334 1862 1545 1893 perseverans
1570 1854 1758 1885 Theodorus
1782 1866 1854 1897 per-

207 1901 306 1931 suasit
337 1903 443 1932 multis
475 1907 506 1933 et
534 1903 699 1940 Nestorio,
732 1903 816 1944 quod
848 1902 992 1934 Christus
1021 1903 1102 1933 tilius
1127 1903 1188 1933 Dei
1214 1904 1290 1935 vivi.
1322 1906 1373 1945 qui
1405 1905 1443 1935 de
1475 1910 1583 1936 sancta
1608 1907 1729 1947 virgine
1754 1907 1856 1938 Maria

148 1963 171 1980 εἴ»
208 1957 300 1984 natus
330 1958 391 1986 est.
423 1966 485 1986 non
510 1960 558 1986 est
583 1956 635 1997 qui
660 1966 701 1986 ex
726 1959 816 1997 patre
848 1959 941 1986 natus
973 1960 1021 1985 est
1046 1955 1134 1986 Deus
1159 1956 1291 1986 verbum
1316 1957 1594 1988 consubstantialis
1618 1959 1769 1999 genitori,
1798 1960 1854 1989 sed

208 2005 302 2037 homo
334 2017 390 2048 pro
421 2008 574 2048 qualitate
606 2018 682 2038 suae
708 2008 878 2038 voluntatis
910 2018 950 2038 ex
975 2007 1046 2037 Deo
1071 2007 1169 2038 verbo
1199 2009 1458 2049 cooperationem
1491 2011 1686 2051 suscipiens'.
1733 2011 1854 2042 Rursus¹

208 2058 248 2088 de
278 2059 344 2089 eius
373 2070 480 2090 errore
504 2060 646 2102 Kyrillus
675 2060 715 2090 ad
738 2060 939 2101 Lamponem
969 2059 1191 2101 presbyterum
1223 2060 1363 2091 scribens
1397 2062 1452 2091 ait:
1486 2061 1576 2092 ‘Cum
1606 2063 1691 2103 apud
1724 2063 1853 2094 Heliam

208 2121 436 2143 commorarer.
469 2113 515 2142 vir
542 2113 656 2153 aliquis
687 2122 727 2142 ex
763 2112 811 2142 his
842 2112 894 2152 qui
930 2111 1079 2141 nobiliter
1107 2112 1242 2142 militant
1274 2112 1303 2142 in
1328 2113 1446 2153 palatio
1482 2114 1650 2154 epistolam
1682 2116 1852 2145 multorum

208 2173 356 2194 versuum
381 2167 412 2193 et
436 2163 591 2204 grandem
616 2164 731 2195 obtulit
754 2164 830 2194 mihi
854 2164 1027 2204 signatam.
1058 2174 1152 2204 quam
1177 2175 1210 2194 se
1235 2163 1363 2195 dicebat
1387 2166 1550 2206 accepisse
1575 2166 1614 2196 ab
1640 2166 1851 2197 Antiochenis

148 2223 172 2239 ⁴0
209 2214 404 2245 orthodoxis.
452 2215 709 2256 Subscriptiones
739 2219 847 2245 autem
881 2219 972 2246 erant
1000 2216 1029 2245 in
1060 2226 1098 2246 ea
1122 2216 1329 2257 plurimorum
1354 2217 1541 2248 clericorum
1567 2222 1598 2248 et
1624 2219 1852 2250 monachorum

209 2268 241 2295 et
264 2265 427 2296 laicorum.
474 2266 679 2297 Accusabant
713 2270 821 2296 autem
853 2267 1026 2296 orientales
1056 2267 1240 2308 episcopos.
1271 2268 1360 2308 quasi
1389 2271 1532 2299 tacentes
1557 2270 1686 2310 quidem
1711 2270 1851 2301 Nestorii

208 2327 325 2348 nomen
349 2320 381 2347 et
405 2317 641 2348 dissimulantes
667 2318 695 2348 ei
719 2317 898 2350 adversari,
929 2318 1121 2348 transientes
1151 2322 1259 2348 autem
1283 2318 1324 2349 ad
1349 2319 1510 2350 Theodori
1535 2320 1661 2352 codices
1686 2322 1725 2352 de
1750 2323 1852 2352 incar-

209 2369 336 2399 natione
362 2369 472 2403 factos.
496 2369 528 2400 in
552 2370 665 2411 quibus
689 2369 788 2400 multo
814 2370 940 2410 peiores
956 2369 1114 2399 Nestoriig
1138 2370 1359 2411 blasphemiae
1385 2371 1508 2412 positae
1526 2376 1606 2403 sunt.
1647 2373 1745 2404 Pater
1769 2375 1851 2404 enim

210 2420 267 2450 fuit
290 2419 429 2451 Nestorii
454 2420 581 2462 perfidi,
607 2421 659 2462 qui
684 2425 716 2451 et
740 2421 822 2451 illius
846 2421 930 2451 mala
954 2421 1077 2451 locutus
1102 2421 1217 2462 impius
1242 2426 1274 2452 et
1298 2423 1327 2452 in
1352 2422 1399 2452 his
1424 2423 1526 2454 faetus
1552 2424 1619 2454 est'.
1666 2425 1788 2456 Rursus
1813 2427 1853 2457 do

150 2479 172 2496 ⁴5·
210 2481 316 2501 errore
346 2472 428 2502 illius
460 2472 545 2503 idem
570 2472 711 2514 Kyrillus
735 2472 975 2503 Alexandrinae
1007 2472 1093 2502 urbis
1126 2474 1294 2515 episesqiusv
1325 2474 1365 2504 ad
1391 2474 1542 2505 Acacium
1568 2476 1742 2507 Melitanae
1767 2478 1853 2508 urbis

210 2523 393 2564 episcopum
418 2524 560 2555 scribens
577 2525 634 2555 ait:
661 2524 741 2555 *Non
767 2525 937 2566 oportebat
954 2525 1054 2555 latere
1072 2525 1273 2555 sanctitatem
1291 2530 1439 2563 vestram,
1463 2531 1517 2556 aut
1534 2527 1665 2558 forsitan
1692 2530 1851 2569 cognovit.

312 2626 336 2653 ‘¹1
358 2627 400 2651 vili
420 2627 476 2651 edd.
492 2632 549 2659 post
569 2628 666 2653 Bai-on.
754 2634 775 2659 θ)
795 2637 881 2661 repere
900 2629 955 2653 edd.
1045 2628 1064 2657 s)
1085 2629 1216 2653 scientiam
1238 2629 1299 2653 Par.
1387 2630 1411 2661 g)
1432 2631 1545 2654 nefariae
1566 2630 1622 2655 mlrl.

311 2697 356 2726 35)
376 2694 415 2726 (71⁴².
437 2695 531 2720 Mami
550 2695 564 2719 Ι.
580 2695 594 2720 l.
610 2695 658 2721 IX
676 2705 695 2721 rs.
711 2700 786 2721 2105,
858 2699 902 2723 36)
924 2696 963 2728 Cf.
980 2696 1046 2721 Lac.
1064 2701 1101 2728 m,
1118 2701 1153 2722 19.
1225 2698 1266 2722 37)
1288 2696 1328 2728 (7⁴.
1349 2696 1426 2723 Hclnn
1440 2701 1462 2729 2,
1478 2701 1499 2723 (ἶ.
1571 2702 1614 2730 3⁸)
1635 2699 1676 2730 (7'.
1694 2698 1788 2723 Mtwsi
1802 2699 1818 2724 l.
1833 2699 1849 2724 l.

213 2756 233 2771 c.
247 2748 294 2771 243
303 2754 344 2778 ss„
366 2746 473 2771 videficet
492 2747 596 2772 concilii
616 2747 904 2780 (bustamimth'tmzi
922 2748 978 2774 coll.
1000 2748 1028 2780 1',
1049 2756 1079 2773 ca·
1098 2757 1151 2780 ‘11²¹‘
1170 2751 1191 2773 cl
1211 2749 1352 2780 sequentia
1370 2749 1520 2774 testimonia
1540 2752 1646 2782 sumpla
1665 2752 1737 2775 smil.

1598 2803 1649 2827 55*
