2127 2978
145 682 167 700 lu

897 116 1083 143 APPENDIX
1104 116 1150 142 IV.
1787 114 1849 143 469

200 205 370 235 missarum
387 203 505 234 ibidem
523 203 796 244 sollempnitatem
820 203 980 245 quispiam
1004 205 1172 244 presumat
1193 202 1281 233 omni
1298 200 1405 232 modo¹
1426 200 1603 231 celebrare.
1639 199 1704 230 Sed
1722 199 1747 230 si
1765 198 1851 229 abba

199 255 287 286 obire
312 255 517 295 contingerit,
542 265 605 285 non
631 258 833 292 extraneum,
859 255 915 286 sed
940 255 1075 285 fratrum
1101 265 1200 284 unum
1218 264 1259 285 cx
1278 253 1531 294 congregatione
1556 251 1728 292 eligentes,
1754 260 1850 291 quem

201 310 310 348 aptum
335 306 568 348 praeviderint,
599 306 753 336 invitatus
778 307 972 348 aepiscopus
998 306 1180 338 ordinetur:
1211 306 1236 336 si
1270 309 1302 336 ct
1325 305 1477 336 idoneum
1502 303 1632 334 minime
1665 301 1851 339 habuerint,

201 359 414 400 inquirentes5
445 358 500 388 ubi
529 361 639 399 aptum
671 358 837 399 repperire
868 358 1047 399 potuerint,
1080 361 1112 388 et
1141 357 1225 388 hunc
1251 357 1428 397 eligentes,
1458 358 1493 386 ut
1523 355 1702 396 praelatum
1738 353 1778 384 ab
1804 353 1850 383 eis

202 411 354 441 invitatus
379 410 570 451 aepiscopus
600 409 748 440 ordinare
774 410 908 443 debeat:
945 413 979 440 ut
1002 409 1175 451 profectom
1205 409 1296 439 iuxta
1331 408 1361 438 id
1394 407 1478 449 quod
1510 406 1648 437 subiecti
1678 404 1851 447 apostolici

200 463 360 504 privilegii
385 462 579 497 consistunt„
610 462 802 492 inconcusse
828 461 987 491 dotandus
1014 464 1217 502 permaneat,
1249 460 1486 490 constituentes
1512 469 1569 500 per
1595 458 1690 488 huius
1715 467 1850 499 precep-

200 515 297 545 tionis
333 517 462 544 nostrae
499 513 671 554 paginam¹¹
711 516 807 554 atque
844 513 1077 544 interdicentes
1117 512 1266 543 omnibus
1308 511 1438 541 omnino
1478 509 1651 540 cuiuslibet
1690 508 1851 539 aecclesie

201 566 385 607 presulibus
411 566 462 596 vel
490 566 707 605 cuiuscunque
741 564 892 605 dignitati
926 564 1103 606 praeditis⁰
1128 566 1288 605 potestate
1314 562 1372 593 sub
1399 561 1636 603 omnipotentis
1661 560 1723 590 Dei
1750 560 1850 590 nostri

202 617 320 648 iudicio
345 617 509 648 constituti
534 627 552 647 a
569 616 660 647 nobis
687 616 841 657 praefatis
863 616 1066 647 monasteriis
1085 615 1199 646 indulti
1217 615 1362 656 quolibet
1379 614 1473 645 modo
1493 614 1636 644 existere
1663 614 1852 643 temerator.

203 669 293 700 Bene
318 669 433 700 valete.

308 772 325 803 ¹)
346 774 381 797 ἱίιι
400 773 454 797 Ew.
474 781 529 796 cum.
550 772 667 798 Diurnv:
686 772 790 796 omnino
812 771 893 795 Barla.
983 772 1014 801 m)
1039 772 1074 795 ita
1094 771 1148 795 ΕΜ.
1168 779 1223 794 vum
1246 770 1362 797 Dimum,-
1382 770 1511 801 prael'eclu
1532 768 1611 792 Bai-(1.
1700 769 1724 793 ¹¹)
1743 767 1778 791 ita
1799 766 1852 790 Em.

204 825 259 840 enm
280 816 394 843 Βίην-τως
414 816 505 848 pagine
528 815 604 838 lim-h⁴
693 820 716 843 υ)
736 815 771 838 ita
792 814 900 841 Ι)ι”ιιι·ιι.,·
918 814 1043 846 dignitate
1064 814 1192 846 praeditus
1212 813 1292 837 Barb.
