2127 2978
869 89 1053 116 APPENDIX
1072 89 1119 120 ΙΙΙ,
1133 89 1156 115 3.
1769 92 1828 120 451

293 179 356 210 Per
385 189 423 210 ea
446 188 527 220 quae
551 178 624 219 piae
653 177 827 207 memoriae
852 177 1017 207 Iustiniani
1048 177 1198 218 principis
1230 175 1427 217 temporibus
1457 178 1528 205 aeta
1552 178 1624 205 sunt
1648 176 1831 206 fraternitas

193 235 298 262 vestra
322 232 500 273 suspicatur
529 232 670 260 sanctam
695 228 993 260 Chalcedonensem
1025 228 1181 270 synodum
1211 228 1307 258 fuisse
1337 227 1530 258 convulsam.
1577 227 1641 258 Sed
1666 227 1749 258 absit
1772 227 1832 257 hoc

193 293 211 312 a
235 283 405 313 christiano
430 292 543 324 opere,
569 292 587 311 a
612 281 782 311 christiana
807 281 1012 321 cogitatione.
1058 280 1094 310 In
1118 281 1188 321 ipsa
1213 280 1330 321 quippe
1355 279 1512 313 Nicaena,
1538 278 1830 320 Constantinopoli-

192 338 266 365 tana
291 345 327 365 ac
350 335 452 376 prima
476 333 614 375 synodus
638 332 810 373 Ephesena
834 332 958 362 firmata
982 335 1047 370 est,
1081 335 1113 362 et
1143 332 1283 373 quisquis
1317 331 1453 361 eandem
1484 331 1596 372 partes
1626 332 1732 372 aliqua
1758 341 1831 361 con-

146 401 155 416 r,
193 387 313 417 vellere
336 386 454 420 nititur,
478 385 548 415 illas
573 384 720 414 nimirum
746 383 902 414 funditus.
928 394 1010 424 quae
1035 394 1093 424 per
1115 384 1197 413 hanc
1221 384 1366 413 firmatae
1391 386 1472 415 sunt,
1499 382 1664 413 destruere
1690 386 1831 413 conatur.

134 658 156 675 lo

129 1173 153 1193 20

127 1695 152 1711 311

128 2214 152 2231 411

191 438 249 468 (Jui
284 438 455 479 suspicioni
486 438 517 467 in
553 436 677 477 scriptis
707 436 821 466 vestris
853 446 893 465 ex
929 436 1028 466 sancti
1062 434 1300 476 prodecessor-is
1334 435 1433 464 nostri
1465 433 1582 464 Leonis
1618 434 1760 475 epistolis
1796 444 1832 464 ac

191 489 345 530 enkyeliis
377 488 560 519 testimonia
593 487 779 528 adiungitis,
811 491 844 517 ut
875 488 1052 528 praefatam
1087 490 1229 518 sanctam
1260 486 1557 517 (fflialcedonensem
1592 485 1747 527 synodum
1773 487 1831 516 illi-

190 541 297 571 batam
323 541 443 571 debere
467 540 585 570 servari
610 540 803 570 monstretis.
851 539 940 574 Quae
967 538 1111 580 quidem,
1141 539 1255 569 fratres
1283 538 1450 574 carissimi,
1482 549 1522 568 ex
1556 539 1665 579 paucis
1690 538 1832 579 epistolis

190 596 336 634 sumptag
359 593 518 634 permixto
544 591 653 621 ordine
678 592 876 632 confusoque
901 592 1067 632 posuistis,
1093 594 1144 627 ut,
1169 590 1243 620 dum
1266 591 1434 620 interiecta
1458 590 1520 620 alia
1545 590 1681 631 epistola
1705 589 1745 619 ad
1771 590 1833 619 alia

193 645 303 685 prioris
329 644 485 685 epistolae
509 643 608 673 verba
633 644 813 677 recurritur,
838 644 927 684 quasi
953 654 994 673 ex
1018 642 1125 673 multis
1143 642 1287 683 epistolis
1305 642 1430 683 prolata.
1447 641 1640 671 viderentur.
1680 641 1720 671 Et
1739 641 1832 671 valde

190 697 353 731 miramur,
386 706 441 726 cur
475 695 656 725 fraternitas
689 698 795 725 vestra
830 694 868 724 de
898 698 978 731 tam,
1016 695 1096 725 sieut
1127 694 1279 731 diximus,
1317 693 1425 734 paucis
1459 693 1602 734 epistolis
1634 704 1696 723 non
1731 703 1831 734 pauca

189 748 368 788 sumpserit,
393 758 463 777 cum
492 750 629 777 constet.
656 746 740 787 quod
766 746 805 776 de
830 750 960 776 sanctae
985 745 1258 776 Chalcedonensis
1284 745 1394 786 synodi
1421 745 1544 775 illibata
1568 745 1775 775 veneratione
1801 748 1833 774 et
1866 744 1869 747 “

189 799 454 840 predecessorum
479 802 658 828 nostrorum
689 799 822 828 assertio
854 799 1020 828 innumera
1052 802 1085 828 et
1109 798 1280 828 multorum
1304 800 1430 838 patrum
1463 807 1635 827 consensus
1669 797 1698 826 in
1732 796 1831 837 enky-

189 851 256 881 eliis
290 851 379 892 quasi
415 849 573 891 quaedam
609 850 663 880 lux
697 861 730 879 se
760 849 900 880 1111111111)ΙΙ
934 850 1024 881 nobis
1055 849 1176 880 infudit.
1225 849 1288 879 Sed
1322 850 1393 889 quia
1427 859 1555 889 semper
1584 847 1724 878 dictandi
1755 847 1832 878 ‹jn-do

191 906 277 932 tanta
293 902 421 933 sibimet
445 902 644 932 connexione
662 902 870 941 subiungitur,
896 905 980 932 utet
1005 901 1230 943 praecedentia
1257 900 1526 941 subsequentibus
1551 900 1690 930 serviant
1708 903 1739 929 et
1756 899 1831 929 sub-

190 955 356 995 sequentia
387 965 425 984 ex
459 953 726 995 praecedentibus
759 953 1004 995 suspendantur,
1036 963 1146 983 eorum
1180 963 1308 983 sensum
1344 962 1425 992 quae
1460 952 1582 992 prolata
1618 955 1688 981 sunt
1720 952 1833 981 melius

192 1005 368 1047 pandimus,
393 1007 418 1036 si
435 1006 515 1036 infra
532 1016 690 1046 supraque
710 1005 867 1046 legentes,
893 1006 941 1035 vel
967 1015 1029 1046 quo
1047 1004 1181 1035 tendant
1200 1004 1249 1034 vel
1266 1003 1350 1033 unde
1369 1003 1542 1044 pendeant,
1567 1002 1833 1033 demonstremus.

292 1058 320 1087 A
344 1057 514 1087 dilectione
543 1057 638 1097 igitur
662 1061 767 1087 vestra
792 1058 927 1098 primum
952 1057 1169 1087 testimonium
1194 1056 1293 1086 sancti
1325 1055 1563 1096 predecessoris
1588 1056 1685 1085 nostri
1710 1055 1829 1084 Leonis

189 1110 326 1151 ponitur,
350 1109 435 1150 quod
458 1110 487 1139 in
514 1109 580 1138 eius
605 1109 739 1149 epistola
765 1109 875 1138 ultima
899 1109 1087 1140 continetur.
1114 1118 1175 1149 quo
1201 1108 1280 1138 ait⁴z
1307 1107 1366 1136 ‘De
1393 1107 1489 1137 rebus
1513 1106 1597 1147 apud
1622 1106 1773 1136 Nicaeam
1802 1110 1833 1136 et

189 1161 274 1203 apud
299 1160 547 1197 Chalcedonem,
572 1161 652 1190 sicut
673 1160 740 1190 l)eo
766 1161 894 1201 placuit.
920 1160 1067 1197 definitis,
1092 1160 1213 1190 nullum
1238 1158 1414 1189 audeamus
1440 1159 1517 1188 inire
1543 1162 1724 1197 tractatum,
1751 1162 1832 1188 tam-

187 1224 282 1255 quam
313 1213 409 1243 dubia
433 1213 483 1243 vel
514 1212 637 1242 infirma
676 1213 752 1249 sint,
785 1223 866 1253 quae
897 1216 984 1242 tanta
1013 1223 1071 1253 per
1094 1212 1237 1253 spiritum
1267 1214 1409 1241 sanctum
1441 1211 1509 1240 fixit
1534 1209 1727 1240 auctoritas‘.
1775 1209 1832 1239 Cui

187 1265 361 1297 secundum
391 1265 607 1294 testimonium
636 1275 676 1294 ex
707 1275 744 1294 ea
775 1265 911 1305 epistola
943 1276 959 1294 a
992 1264 1081 1294 vobis
1113 1263 1306 1303 adiungitur,
1342 1262 1427 1303 quod
1463 1263 1524 1292 illie
1558 1262 1653 1303 paulo
1689 1262 1833 1302 superius

188 1318 334 1355 habetur,
367 1327 428 1357 quo
453 1316 579 1346 dieitur:
612 1316 720 1351 ‘Quiza
754 1317 834 1346 sicut
864 1321 972 1347 sancte
997 1316 1220 1356 veraciterque
1251 1314 1389 1351 dixistis,
1423 1314 1576 1355 perfectio
1603 1314 1831 1344 incrementum

188 1373 220 1399 et
243 1368 456 1399 adiectionem
480 1367 644 1409 plenitudo
671 1378 731 1398 non
751 1367 882 1409 recipit'.
927 1368 1103 1398 interiectis
1128 1372 1234 1397 autem
1261 1366 1385 1396 duobus
1410 1366 1598 1396 testimoniis
1621 1366 1660 1395 de
1680 1365 1834 1406 enkycliis

190 1421 361 1462 assumptis
396 1420 531 1461 praefati
568 1419 806 1460 prodecessoris
846 1421 942 1450 nostri
982 1419 1073 1450 itemi
1108 1419 1149 1449 ad
1187 1419 1325 1449 Leonem
1363 1418 1538 1459 principem
1578 1418 1694 1458 scripto
1728 1420 1832 1447 vestro

189 1473 285 1503 verba
317 1473 522 1514 replicantur.
555 1472 668 1513 quibus
699 1472 850 1502 dicitur-'¹2
885 1472 1072 1511 'Legitimas
1102 1471 1252 1501 divinitus
1282 1470 1450 1511 inspiratas
1481 1470 1723 1499 constitutiones
1748 1469 1830 1498 velle

188 1535 316 1555 movere
346 1535 408 1554 non
439 1528 488 1554 est
516 1524 636 1565 pacifici
667 1524 777 1554 animi.
810 1524 867 1554 sed
897 1524 1041 1555 rebellis.
1073 1523 1198 1553 dicente
1230 1522 1392 1564 apostolo:
1419 1521 1546 1551 'Verbis
1571 1521 1765 1551 contendere
1791 1520 1831 1550 ad

188 1577 263 1607 nihil
298 1580 347 1606 est
378 1576 474 1608 utile.
511 1576 569 1606 nisi
604 1575 644 1606 ad
676 1576 917 1606 subversionem
951 1574 1168 1606 audientium’.
1215 1574 1297 1604 Nam
1331 1574 1355 1603 si
1393 1573 1538 1603 humanis
1572 1572 1832 1614 persuasionibus

187 1639 315 1670 semper
339 1627 518 1668 disceptare
544 1628 583 1658 sit
601 1628 746 1660 liberum.
773 1638 945 1669 numquam
971 1627 1085 1658 deesse
1110 1630 1261 1668 poterunt
1285 1626 1336 1667 qui
1354 1625 1479 1655 veritati
1498 1624 1637 1654 audeant
1655 1623 1830 1654 resultare.

190 1680 228 1710 Et
252 1680 320 1710 eius
344 1690 467 1710 rursum
492 1679 532 1710 ad
558 1690 646 1710 eum:
678 1680 759 1710 ‘Non
784 1680 867 1710 sinas
893 1683 1002 1710 eontra
1027 1679 1180 1709 dexterae
1206 1677 1434 1718 omnipotentis
1459 1676 1520 1706 Dei
1545 1676 1722 1717 triumphos
1747 1675 1830 1706 redi-

188 1732 265 1762 vivis
300 1741 473 1771 exsurgere
503 1732 642 1762 motibus
672 1732 814 1761 extincta
851 1730 1046 1761 certamina'.
1100 1730 1197 1761 Cuius
1229 1729 1333 1759 adhuc
1368 1728 1583 1759 testimonium
1620 1732 1691 1769 post
1730 1738 1832 1768 pauca

186 1782 386 1814 subdidistis:
411 1782 507 1812 ‘Nihil
531 1793 660 1823 prorsus
678 1782 716 1812 de
734 1783 816 1813 bene
842 1783 1026 1824 compositis
1044 1780 1254 1812 retractetur'.
1292 1780 1442 1810 Ultimum
1462 1791 1538 1809 vero
1556 1790 1574 1809 a
1592 1780 1681 1810 vobis
1706 1779 1832 1820 ponitur

188 1835 414 1867 testimonium,
441 1834 525 1875 quod
551 1835 580 1864 in
606 1834 701 1875 priori
726 1834 793 1864 eius
818 1835 963 1875 epistola,
990 1833 1029 1864 de
1055 1844 1117 1874 qua
1142 1833 1242 1863 multa
1259 1833 1320 1862 iam
1339 1832 1522 1862 testimonia
1546 1832 1669 1872 prolata
1694 1832 1831 1867 fuerant,

188 1888 367 1918 continetur
391 1887 543 1928 primum,
577 1897 638 1927 quo
662 1886 811 1916 dicitur-¹⁵:
844 1886 946 1921 ‘Quae
980 1886 1142 1927 patefacta
1166 1889 1238 1915 sunt
1267 1894 1438 1925 quaerere,
1473 1894 1554 1924 quae
1587 1883 1730 1924 perfecta
1760 1886 1832 1913 sunt

189 1942 361 1969 retractare
392 1942 423 1968 ct
452 1949 533 1979 quae
567 1942 639 1968 sunt
671 1938 802 1968 definita
827 1938 1026 1973 convellere,
1061 1937 1136 1978 quid
1168 1936 1253 1966 aliud
1283 1939 1345 1971 cst,
1378 1945 1472 1976 quam
1498 1934 1537 1964 de
1562 1934 1687 1975 adeptis
1712 1935 1831 1975 gratias

187 2001 249 2021 non
274 1991 394 2021 referre
426 1994 458 2020 et
487 1990 527 2020 ad
552 1989 742 2020 interdictae
772 1990 894 2019 arboris
925 1989 1029 2019 cibum
1062 1988 1223 2029 improbos
1254 1987 1415 2028 appetitus
1440 1986 1623 2016 mortiferae
1648 1985 1831 2027 cupiditatis

187 2041 394 2072 extenderes*
442 2041 533 2072 Haec
558 2045 643 2077 sunt,
675 2041 790 2071 fratres
815 2041 1028 2073 dilectissimi.
1054 2050 1136 2081 quae
1162 2040 1247 2070 beati
1277 2039 1394 2069 Leonis
1419 2037 1459 2068 ad
1484 2038 1627 2068 Leonem
1653 2038 1828 2078 principem

187 2094 285 2124 verba
309 2094 466 2134 posuistis,
492 2103 573 2134 quae
598 2093 748 2123 videlicet
772 2093 812 2123 ab
838 2104 876 2123 eo
902 2103 957 2134 pro
983 2091 1129 2123 custodia
1152 2091 1293 2122 illibatae
1318 2089 1402 2127 fidei,
1427 2100 1489 2120 non
1514 2093 1620 2119 autem
1646 2099 1702 2130 pro
1727 2089 1829 2119 causis

188 2146 411 2187 episcoporum
435 2145 637 2186 specialibus,
664 2155 745 2186 quae
770 2144 856 2185 apud
881 2144 1122 2174 Chalcedonam
1147 2146 1259 2184 gestae
1284 2146 1365 2174 sunt.
1390 2141 1603 2182 proferuntur.
1651 2140 1733 2171 Nam
1758 2140 1831 2181 quia

188 2207 244 2238 pro
269 2197 365 2227 solius
389 2196 464 2227 fidei
487 2197 678 2227 intemerata
702 2196 925 2226 observatione
951 2195 1078 2228 dixerit.
1103 2193 1303 2236 pensandum
1322 2198 1379 2229 est,
1405 2193 1435 2223 in
1453 2192 1567 2223 eadem
1593 2193 1729 2233 epistola
1755 2191 1829 2232 quid

188 2249 367 2289 praemisit:
398 2249 442 2278 ait
470 2249 554 2278 enim
579 2248 619 2278 ad
644 2248 782 2278 eundem
810 2248 984 2289 principem
1015 2247 1185 2288 loquensssz
1219 2246 1333 2286 'Supra
1362 2255 1437 2275 cura
1467 2255 1570 2274 rerum
1606 2244 1829 2285 temporalium

189 2300 359 2340 religiosae
382 2299 604 2341 providentiae
622 2299 810 2330 famulatum
829 2298 942 2329 divinis
959 2302 990 2328 et
1008 2298 1147 2328 aeternis
1165 2296 1425 2338 dispositionibus
1444 2299 1689 2337 perseveranter
1705 2296 1828 2337 impen-

189 2351 270 2389 ditis,
295 2354 329 2381 ut
352 2351 473 2381 scilieet
497 2351 654 2381 catholiea
678 2350 771 2385 fides,
797 2360 879 2391 quae
904 2350 1076 2380 humanum
1101 2359 1201 2390 genus
1227 2348 1294 2378 sola
1318 2347 1471 2378 vivificat,
1498 2348 1566 2377 sola
1590 2347 1774 2381 sanctificat,
1800 2347 1829 2376 in

188 2413 250 2433 una
280 2402 478 2433 confessione
510 2407 699 2444 permaneat
733 2407 764 2432 et
789 2401 1016 2434 dissensiones,
1051 2411 1132 2442 quae
1168 2400 1207 2430 de
1239 2404 1437 2430 terrenarum
1463 2399 1647 2440 opinionum
1673 2399 1829 2429 varietate

188 2457 369 2486 naseuntur,
394 2464 412 2483 a
435 2454 595 2484 soliditate
621 2455 702 2484 illius
728 2458 849 2495 petrae,
875 2464 967 2494 supra
995 2464 1088 2494 quam
1114 2453 1224 2483 civitas
1250 2452 1310 2481 Dei
1336 2451 1530 2481 aedificatur.
1559 2449 1749 2492 abigantur'.
1799 2449 1829 2480 Si

291 2563 308 2595 Υ)
334 2568 428 2596 partem
450 2565 512 2589 Pas.
601 2569 625 2591 a>
650 2566 744 2598 sumpti
764 2565 826 2589 Par.
916 2563 940 2593 ΙΙ)
965 2565 1000 2588 im
1025 2564 1088 2590 coni,
1109 2563 1262 2590 „llommsem
1287 2564 1344 2592 (om.
1365 2563 1419 2591 lux)
1445 2572 1470 2585 se
1497 2562 1590 2586 mundo
1610 2562 1685 2586 star..-
1711 2562 1832 2586 sumendo

189 2608 250 2631 enai.
272 2607 384 2631 Raram..-
402 2609 525 2632 sumendo
545 2608 588 2632 lux
610 2609 702 2632 mundo
721 2617 747 2632 se
767 2609 830 2632 mm.
853 2607 992 2631 labbaeus.
1030 2606 1072 2630 An
1091 2606 1239 2631 seminando
1260 2605 1407 2638 legendum?
1495 2606 1511 2637 ¹)
1535 2606 1598 2629 idem
1619 2604 1682 2629 Par.

292 2688 318 2715 4)
339 2683 439 2708 Leonis
453 2683 474 2708 I.
494 2691 581 2715 papae
599 2692 638 2716 01).
658 2684 695 2709 erl.
715 2686 751 2716 [ι’.
773 2683 917 2709 Balla-inii
942 2686 958 2707 t.
974 2683 991 2707 Ι
1005 2690 1024 2707 c.
1043 2686 1099 2708 1341
1118 2682 1194 2713 (I-K.
1212 2685 1277 2709 539),
1365 2686 1390 2713 5)
1410 2681 1508 2707 Leonis
1523 2681 1545 2707 I.
1568 2689 1656 2713 papam>
1679 2690 1719 2714 ap.
1739 2681 1776 2706 ml.
1796 2682 1831 2713 fr.

190 2735 332 2760 Ballerinii
352 2737 369 2760 t.
385 2734 404 2759 I
419 2743 436 2759 c.
452 2738 512 2760 1345
530 2735 608 2766 (I-K.
621 2739 687 2765 541).
775 2740 800 2762 o)
822 2735 921 2760 Leonis
935 2734 958 2760 I.
975 2742 1066 2767 papac
1084 2742 1124 2766 op.
1144 2733 1180 2759 cd.
1201 2735 1236 2765 fr.
1258 2733 1401 2758 Ballerimi
1421 2736 1437 2758 t.
1453 2733 1470 2758 I
1485 2741 1505 2758 c.
1524 2736 1582 2758 13:5³1
1601 2732 1678 2763 (J-K.
1696 2734 1762 2765 53³4).

1576 2784 1607 2809 .ῦῖ
1620 2787 1628 2800 ³³

1844 1532 1944 1552 2,’1’1111.2
1966 1535 1985 1551 1-1
