2127 2978
251 205 322 237 Quia
341 205 459 238 gloriam
480 206 514 231 IX
536 208 577 233 95.

251 248 322 279 Quia
340 248 369 273 in
390 257 491 282 magna
512 249 577 275 VIII
589 252 630 275 33.

251 291 322 323 Quia
341 291 524 324 incongruum
545 292 607 317 XIV
628 294 651 317 ⁴3.

252 334 324 366 Quia
342 334 565 367 ingredientibus
584 335 620 360 IX
642 336 698 361 197.

251 376 321 408 Quia
340 376 438 402 melius
458 376 494 402 VI
514 378 547 402 50
557 386 581 403 a.

251 419 322 451 Quia
340 419 474 445 pantaleo
494 420 529 445 IX
554 422 608 446 11⁴2.

251 462 322 493 Quia
341 462 470 495 pervenit
490 462 555 488 VIII
575 464 615 489 ⁴215.

250 506 322 537 Quia
341 505 528 538 praesentium
550 506 583 531 IX
606 507 645 531 37.

250 549 321 580 Quia
340 548 484 581 regiminis
502 550 514 575 Ι
533 549 574 574 <17.

250 591 321 623 Quia
340 599 479 617 servorum
499 591 535 617 IX
560 593 597 617 12.

250 634 320 666 Quia
338 634 377 661 sic.
396 634 429 660 de
448 633 485 659 IX
508 634 561 660 12⁴5.

249 677 328 709 Quia,
347 677 420 702 sicut
439 678 523 702 cauta
543 677 578 702 IX
602 678 657 703 111).

250 721 321 752 Quia
339 722 404 746 sunt
423 720 521 753 culpae
540 720 603 745 XIV
624 722 647 746 ἴ).

249 763 321 796 Quia
339 763 423 789 Tecla
443 763 479 788 IX
499 763 540 789 54.

250 807 322 839 Quia
341 806 480 840 unguenti
501 806 537 832 IX
558 808 615 832 230.

251 850 420 882 Quibusdam
442 849 617 875 venientibus·
639 850 674 875 III
695 851 717 876 4.

249 893 387 927 Quicquid
408 892 475 918 mihi
495 893 506 918 Ι
525 893 547 917 3,

249 936 388 969 Quicquid
408 935 622 961 misericorditer
642 937 678 961 111
699 939 739 961 28.

249 979 387 1012 Quicquid
407 979 540 1004 tribuitur
560 979 580 1004 X
600 980 623 1004 8.

251 1023 322 1055 Quid
342 1023 375 1048 de
395 1022 479 1047 fratre
499 1022 535 1047 IX
556 1024 579 1047 2.

249 1066 320 1098 Quid
340 1065 369 1091 in
389 1065 516 1091 Sardinia
536 1065 572 1090 IX
599 1067 634 1090 ll.

249 1109 321 1141 Quid
340 1108 440 1142 petitio
462 1108 497 1133 IX
521 1109 575 1133 143.

249 1152 366 1184 Quidam
387 1150 502 1183 maligni
524 1151 572 1176 VII
595 1151 633 1176 42.

250 1195 380 1228 Quisquis
399 1194 494 1219 divina
516 1194 550 1219 Vl
571 1194 612 1219 47.

249 1238 327 1270 Quod
348 1238 382 1263 ad
402 1237 581 1262 dilectionem
600 1238 668 1269 App.
685 1237 722 1261 III
745 1237 765 1261 1.

249 1281 327 1313 Quod
347 1289 518 1306 communem
540 1280 603 1304 VIII
628 1280 665 1305 18.

249 1324 327 1357 Quod
349 1323 520 1349 fraternitati
544 1322 576 1348 IX
599 1324 657 1347 208.

250 1368 328 1400 Quod
348 1368 376 1393 in
396 1368 476 1393 tanto
496 1366 547 1391 VII
568 1367 609 1391 23.

251 1411 329 1443 Quod
350 1411 447 1443 lingua
469 1410 476 1435 1
496 1410 519 1434 2.

249 1454 327 1486 Quod
346 1453 442 1479 multis
462 1454 487 1479 II
505 1453 546 1478 45.

249 1497 327 1529 Quod
347 1496 534 1530 praesentium
558 1495 593 1520 IX
614 1495 653 1520 77.

250 1540 327 1572 Quod
347 1539 531 1572 responsalem
552 1539 563 1564 Ι
582 1539 622 1563 42.

247 1583 383 1615 Quoniam
404 1581 604 1616 Agrigentiuac
628 1580 647 1605 V
673 1581 708 1604 12.

248 1627 384 1659 Quoniam
404 1627 543 1652 Cumanae
563 1624 586 1649 II
606 1625 645 1649 25.

248 1670 384 1701 Quoniam
405 1669 501 1694 Festus
522 1667 545 1692 V
569 1667 606 1692 13.
628 1668 666 1692 14.

249 1713 384 1745 Quoniam
405 1712 477 1737 filius
498 1711 533 1736 IX
555 1710 594 1736 78.

249 1756 382 1788 Quoniam
404 1755 432 1780 in
452 1754 542 1780 insula
564 1754 598 1778 Vl
620 1755 658 1778 22.

249 1798 383 1830 Quoniam
404 1797 617 1824 nefandissimus
641 1796 646 1820 l
673 1797 708 1821 17.

248 1841 383 1873 Quoniam
405 1841 490 1867 Paulo
509 1842 535 1867 II
554 1840 595 1866 ⁵25.

248 1884 383 1916 Quoniam
403 1892 510 1917 semper
529 1884 600 1917 App.
615 1882 661 1910 IV.

249 1927 384 1959 Quoniam
405 1927 505 1953 Velina
526 1927 550 1953 ΙΙ
569 1927 611 1952 42.

249 1970 425 2002 Quorundam
446 1970 480 1996 ad
500 1978 548 1996 nos
569 1969 605 1995 IV
616 1969 639 1994 4.
654 1971 700 1996 353:
723 1969 752 1997 Vv
767 1969 810 1997 52;

284 2014 319 2039 IX
337 2015 398 2040 1422
418 2013 482 2039 XIII
502 2014 542 2038 32.

249 2057 427 2088 Quorundam
449 2057 482 2081 dc
503 2055 671 2081 Lunensium
694 2054 729 2079 IV
749 2056 788 2080 22.

249 2100 426 2131 Quorundam
447 2100 474 2125 in
496 2098 683 2132 Neapolitana
705 2097 737 2122 IX
759 2098 799 2122 47.

249 2143 426 2174 Quorundam
447 2142 642 2168 monachorum
666 2141 685 2165 X
711 2142 747 2165 18.

249 2185 386 2217 Quosdam
408 2186 441 2210 (10
461 2185 556 2211 Sicilia
578 2184 613 2209 IX
634 2184 692 2209 2:32.

249 2228 382 2260 Quotiens
402 2231 498 2254 contra
518 2228 554 2253 VI
575 2229 597 2253 3.

250 2271 384 2303 Quotiens
404 2271 492 2297 cordis
512 2271 563 2296 XII
584 2271 606 2296 7.

249 2314 382 2345 Quotiens
401 2315 434 2340 110
454 2314 521 2340 urbe
541 2313 606 2339 XIII
626 2314 666 2339 26.

249 2357 383 2388 Quotiens
404 2357 490 2390 digna
510 2357 545 2382 IX
568 2357 623 2382 136.

249 2399 383 2431 Quotiens
403 2409 435 2425 ea
454 2400 489 2425 IX
514 2401 567 2425 102.

251 2443 383 2474 Quotiens
404 2451 496 2468 eorum
517 2442 580 2467 XIV
601 2444 623 2466 8.

249 2486 383 2517 Quotiens
402 2486 451 2511 illa
470 2486 535 2511 XIII
555 2486 595 2510 31.

250 2529 383 2560 Quotiens·
403 2529 431 2554 in
451 2528 617 2561 quibusdam
640 2527 670 2552 lX
694 2527 735 2551 23.

250 2571 383 2603 Quotiens
403 2571 492 2596 laudis
513 2571 580 2603 App.
595 2571 614 2595 I.

251 2614 384 2646 Quotiens
404 2622 446 2639 res
466 2615 477 2640 I
497 2614 536 2638 78.

250 2699 431 2733 Redemptor
450 2700 542 2724 noster
563 2698 597 2723 IX
620 2698 675 2723 152.

252 2742 360 2768 Relatio
380 2742 444 2768 cleri
465 2742 506 2768 ΙΙΙ
527 2742 564 2766 13.

957 124 1070 150 INDEX
1087 125 1292 152 INITIORUM.

826 209 971 238 1110Ιο01110
991 212 1083 236 textus
1103 210 1126 235 V
1148 211 1186 236 17.

843 252 962 278 Relectis
982 253 1106 286 epistolis
1126 253 1149 278 X
1170 254 1209 279 11.

844 295 1011 328 Religiosaui
1031 295 1116 321 vitam
1138 297 1176 322 III
1197 297 1236 322 17.

843 337 988 370 lteligiosis
1008 338 1150 364 desideriis
1169 338 1250 364 facile
1271 340 1280 364 I
1301 341 1343 365 52.

844 380 990 413 lteligiosis
1010 381 1152 407 desideriis
1172 381 1230 407 sine
1249 382 1287 407 III
1306 383 1347 407 58.

827 423 895 456 ¹Res
914 423 948 448 ad
969 432 1016 449 nos
1096 424 1251 450 Marcianus
1271 424 1334 449 XIV
1358 425 1394 449 17.

844 465 895 491 Res
914 466 947 491 ad
967 475 1016 492 nos
1036 488 1041 492 .
1053 487 1073 492 ..
1094 467 1233 493 Sarum-aei
1254 467 1290 493 VI
1303 468 1343 493 30.

844 508 1077 541 Resipiscentibus
1095 510 1227 536 fratribus
1246 511 1310 536 XIV
1332 512 1370 536 13.

845 550 1018 585 Respondere
1037 553 1161 586 epistolis
1180 554 1192 579 I
1211 554 1252 579 41.

847 595 1057 629 [responsalium
1076 597 1230 622 nostrorum
1251 596 1288 621 IX
1315 597 1369 621 1⁶51.

844 638 1089 664 Reverentissimus
1109 647 1254 664 conservus
1272 639 1311 664 ΙΙΙ
1329 639 1369 664 66.

845 681 1090 707 Reverentissimus
1111 681 1195 707 frater
1215 683 1242 707 et
1262 681 1298 706 IX
1320 682 1376 706 187.

845 723 1091 750 Reverentissimus
1102 724 1188 750 frater
1198 725 1290 750 noster
1300 724 1336 750 IX
1349 724 1403 750 169.

843 809 1018 835 sacerdotali
1038 809 1219 842 proculdubio
1240 809 1277 835 IX
1297 811 1336 834 751,

842 852 958 886 Saepius
977 861 993 877 a
1014 852 1091 877 nobis
1111 853 1148 877 III
1168 853 1208 878 35.

844 895 1026 921 Sanctitatem
1046 895 1120 920 vitae
1140 895 1176 920 XI
1196 896 1220 921 2.

843 938 1006 963 Sanctitatis
1025 939 1090 963 tuae
1111 937 1146 962 IX
1166 937 1222 963 227.

843 981 915 1007 Satis
935 980 1069 1006 credimus
1090 980 1126 1006 IV
1146 981 1170 1005 7.

842 1024 922 1054 Satis,
943 1024 1027 1049 frater
1046 1023 1111 1048 VIII
1131 1024 1171 1048 24.

842 1067 915 1093 Satis
935 1075 977 1092 1110
997 1066 1048 1091 XII
1067 1067 1090 1092 2.

827 1110 958 1135 'Savinus
979 1109 1019 1134 vir
1038 1109 1075 1134 IX
1097 1109 1152 1134 198.

842 1153 964 1179 801011105-
983 1151 1138 1177 devotionis
1158 1151 1195 1176 IX
1215 1152 1254 1177 33.

842 1196 965 1222 Scientcs
985 1195 1076 1228 gratia
1095 1194 1132 1219 IX
1152 1195 1191 1220 34.

842 1239 966 1265 Scientes
986 1237 1206 1271 magnitudinem
1228 1239 1253 1264 II
1272 1239 1311 1262 212⁹.

841 1282 972 1311 Scientes,
992 1282 1098 1313 quanta
1117 1280 1153 1306 IX
1176 1281 1231 1306 125.

841 1324 947 1350 Scimus
966 1322 1146 1349 cxeellentiae
1166 1322 1203 1347 VI
1226 1323 1264 1348 17.

842 1368 916 1393 Scire
935 1368 962 1392 te
981 1367 1006 1392 II
1028 1366 1067 1391 19.

844 1409 987 1437 Scribeudi
1007 1409 1042 1434 ad
1062 1408 1254 1434 excellentiam
1275 1409 1285 1434 I
1305 1409 1343 1433 32).

843 1453 985 1479 Scribcndi
1005 1452 1039 1477 ad
1060 1451 1262 1477 fraternitatem
1285 1451 1292 1475 l
1312 1451 1352 1476 45».

843 1497 959 1530 Scripsit
979 1495 1046 1521 mihi
1068 1495 1104 1520 XI
1124 1496 1165 1520 ⁴29.

843 1540 951 1573 Scripta
970 1538 1154 1564 beatitudiuis
1174 1537 1225 1562 VII
1244 1540 1283 1562 2³.

842 1583 951 1616 Scripta
970 1580 1146 1607 dulcissimae
1166 1582 1194 1605 et
1212 1580 1300 1606 cordis
1321 1580 1343 1603 V
1364 1580 1405 1604 43.

842 1625 951 1658 Scripta
977 1623 1151 1649 dulcissimae
1176 1625 1203 1648 et
1227 1622 1405 1648 suavissimae

878 1670 917 1694 III
937 1668 977 1694 6⁶2.

842 1711 949 1744 Scripta
970 1709 1144 1735 dulcissimae
1164 1710 1271 1735 vestrae
1291 1707 1326 1733 IX
1351 1708 1405 1733 175.

842 1754 950 1787 Scripta
970 1752 1152 1778 fraternitatis
1173 1753 1237 1778 tuae
1257 1751 1294 1776 III
1314 1751 1354 1775 51).

842 1797 950 1830 Scripta
977 1795 1159 1821 fraternitatis
1186 1795 1292 1820 vestrae
1320 1801 1405 1818 sacci·-

875 1840 961 1865 dotali
983 1839 1019 1864 VI
1033 1839 1072 1864 34.

842 1883 949 1916 Scripta
976 1880 1159 1907 fraternitatis
1185 1881 1290 1905 vestrae
1317 1887 1405 1904 susce-

876 1926 965 1959 pimus
986 1924 1021 1949 IX
1037 1925 1076 1949 75.

842 1969 950 2002 Scripta
978 1966 1160 1993 fraternitatis
1189 1966 1294 1991 vestrae
1323 1964 1405 1990 susci—

877 2012 954 2045 piens
973 2011 1077 2043 gratias
1096 2010 1108 2035 I
1127 2010 1166 2034 50.

841 2055 950 2088 Scripta
982 2052 1164 2079 fraternitatis
1188 2053 1294 2077 vestrae
1323 2050 1405 2076 susci-

876 2098 952 2130 piens⁴
972 2105 1086 2129 magnas
1106 2095 1143 2120 IV
1160 2096 1180 2120 1.

840 2140 948 2173 Scripta
977 2137 1158 2164 fraternitatis
1187 2138 1293 2162 vestrac
1321 2136 1405 2162 susci-

875 2183 981 2216 pientes
1001 2180 1157 2207 contristati
1178 2180 1213 2205 XI
1227 2180 1251 2205 3.

840 2225 949 2258 Scripta
974 2223 1156 2250 freter-nitatis
1181 2224 1285 2248 vestrae
1301 2222 1404 2255 Vigilio

875 2268 911 2294 VI
925 2268 965 2293 24.

841 2311 950 2344 Scripta
970 2319 1040 2343 quae
1060 2308 1124 2334 XIV
1146 2308 1182 2333 12.

841 2354 948 2387 Scripta
970 2351 1139 2379 reverentiae
1159 2351 1170 2376 I
1189 2352 1230 2375 20.

841 2397 950 2429 Scripta
969 2394 1127 2421 sanctitatis
1148 2393 1211 2418 VIII
1232 2393 1272 2417 31.

842 2439 950 2472 Scripta
970 2440 1033 2463 tuae
1054 2439 1093 2464 III
1113 2436 1153 2461 60.

842 2482 949 2514 Scripta
968 2482 1059 2506 vestra
1078 2481 1103 2505 II
1122 2479 1162 2504 49.

842 2525 950 2557 Scripta
969 2525 1074 2549 vestrae
1094 2520 1277 2547 beatitudiuis
1296 2521 1308 2545 I
1327 2521 1367 2545 25.

842 2567 951 2600 Scripta
970 2568 1076 2591 vestrae
1096 2563 1254 2590 sanctitatis
1271 2563 1317 2587 VII
1339 2564 1362 2587 S.

842 2609 957 2643 Scriptis
977 2608 1071 2634 fratris
1092 2607 1128 2632 IV
1148 2607 1189 2632 25.

842 2652 956 2685 Scriptis
976 2649 1134 2676 sanctitatis
1154 2649 1190 2674 IV
1207 2648 1248 2673 37.

842 2694 955 2728 Scriptis
976 2694 1030 2719 tuis
1048 2694 1061 2719 Ι
1078 2693 1119 2718 81.

842 2737 1011 2770 Scriptorum
1023 2737 1173 2761 vestrorum
1186 2733 1295 2767 eloquia
1315 2733 1377 2758 XIII
1386 2732 1417 2770 9⁴4

1931 130 1992 158 605

1432 210 1601 243 Scriptorum
1610 212 1761 237 vestrorum
1768 211 1960 238 insinuatioVI
1969 213 1992 238 7.

1432 252 1600 286 Scriptorum
1612 256 1762 280 vestrorum
1775 254 1878 287 pagina
1890 254 1940 280 VII
1951 256 1992 281 33.

1432 296 1570 321 Sci-cuitus
1589 298 1695 322 vestrae
1715 296 1753 321 IV
1772 297 1814 323 31).

1432 337 1546 363 Servata
1564 339 1681 364 veritate
1701 338 1738 364 XI
1757 340 1797 365 28.

1432 380 1507 405 Servi
1529 381 1576 406 Dei
1597 381 1633 406 IX
1653 383 1695 407 96.

1432 422 1459 448 Si
1480 423 1604 449 caritatis
1623 425 1633 450 Ι
1652 425 1676 449 4.

1433 465 1459 491 81
1480 466 1589 499 culpam
1609 467 1647 492 III
1665 469 1706 493 25.

1433 508 1459 533 Si
1480 510 1569 534 custos
1589 509 1654 535 VIII
1672 510 1694 535 8.

1433 550 1460 576 Si
1480 551 1694 584 dispensationis
1715 553 1764 577 VII
1787 553 1823 578 17.

1432 593 1459 618 Si
1479 602 1511 619 ea
1529 594 1562 620 de
1581 595 1681 628 quibus
1701 596 1741 621 III
1760 596 1801 621 27.

1433 636 1460 661 Si
1480 637 1559 662 homo
1580 637 1645 663 VIII
1665 640 1687 663 t).

1432 679 1459 704 Si
1480 680 1507 705 in
1528 680 1713 713 proximorum
1734 681 1743 706 I
1763 681 1803 706 57.

1432 722 1459 747 Si
1480 722 1508 748 in
1528 723 1606 749 rebus
1626 723 1663 749 IX
1682 724 1739 749 214.

1432 765 1459 790 Si
1479 765 1537 798 ipse
1556 774 1584 792 se
1604 768 1615 792 I
1634 768 1674 792 (30.

1432 808 1459 833 Si
1479 808 1519 834 ita
1538 810 1569 834 ut
1588 809 1625 834 IV
1639 810 1679 834 41.

1432 850 1459 875 81
1480 851 1572 884 lapsus
1592 851 1615 876 V
1638 853 1674 877 1³.

1432 893 1459 918 Si
1480 893 1574 919 latoris
1594 894 1615 919 X
1635 895 1658 920 3.

1432 935 1459 961 Si
1480 945 1533 961 non
1554 945 1585 961 ex
1606 937 1667 962 fidei
1688 938 1697 962 I
1719 938 1758 963 73.

1432 978 1459 1004 Si
1478 979 1674 1012 professionem
1697 980 1705 1005 I
1725 981 1765 1005 35.

1432 1022 1459 1047 Si
1480 1022 1664 1055 proximorum
1686 1023 1696 1047 I
1716 1024 1756 1048 ⁴35.

1431 1065 1467 1095 Si,
1488 1073 1569 1097 quain
1589 1073 1690 1098 magua
1710 1065 1746 1090 IX
1769 1066 1825 1091 196.

1430 1107 1457 1132 Si
1477 1107 1596 1140 quando,
1616 1107 1753 1133 karissimi
1774 1108 1838 1134 175.

1431 1150 1457 1175 Si
1479 1150 1646 1176 sacerdotale
1672 1151 1743 1183 quod
1769 1149 1993 1176 administramus

1463 1193 1489 1218 Π
1507 1193 1547 1219 47.

1431 1235 1457 1260 81
1472 1236 1641 1261 sacerdotale
1652 1237 1723 1269 quod
1737 1236 1901 1270 suscipimus
1915 1236 1939 1261 II
1955 1237 1993 1261 13.

1432 1277 1459 1302 Si
1480 1279 1666 1305 saecularibus
1685 1279 1707 1303 V
1730 1281 1768 1305 29.

1433 1321 1459 1346 Si
1480 1321 1643 1354 scriptorum
1662 1321 1700 1347 IX
1720 1322 1760 1347 76.

1434 1364 1460 1389 Si
1482 1364 1555 1389 vitae
1574 1365 1613 1390 ΠΙ
1632 1365 1672 1391 51.

1433 1407 1510 1432 Sicut
1528 1415 1601 1440 aqua
1620 1406 1643 1432 X
1662 1406 1703 1432 21.

1434 1449 1511 1475 Sicut
1529 1449 1562 1475 de
1582 1449 1620 1475 eis
1642 1449 1678 1474 VI
1697 1451 1736 1475 62.

1433 1492 1511 1518 Sicut
1529 1492 1641 1518 dilectio
1662 1492 1697 1517 VI
1717 1494 1758 1518 20.

1434 1535 1511 1560 Sicut
1530 1535 1644 1560 ecclesia
1664 1536 1703 1561 III
1722 1536 1762 1561 43.

1433 1578 1510 1603 Sicut
1529 1577 1720 1603 excellentiam
1741 1579 1751 1603 Ι
1771 1578 1810 1603 72.

1433 1621 1509 1646 Sicut
1529 1620 1656 1654 exigente
1676 1621 1712 1646 III
1733 1622 1772 1646 245.

1434 1664 1511 1689 Sicut
1529 1663 1702 1696 gradientem
1721 1665 1731 1689 Ι
1753 1664 1791 1689 16.

1433 1707 1510 1732 Sicut
1528 1715 1611 1739 grave
1631 1708 1658 1731 et
1678 1705 1714 1731 IX
1735 1707 1794 1730 (362.
1809 1707 1848 1732 82.

1434 1750 1510 1776 Sicut
1528 1750 1710 1775 hereticorum
1732 1749 1768 1774 VI
1791 1750 1827 1774 15.

1434 1793 1510 1819 Sicut
1529 1793 1556 1818 in
1578 1792 1685 1818 iudiciis
1703 1792 1741 1817 III
1760 1793 1784 1817 5.

1434 1836 1510 1862 Sicut
1529 1835 1631 1861 iniusta
1655 1834 1688 1860 Vl
1712 1836 1731 1860 1.

1434 1879 1510 1905 Sicut
1529 1877 1637 1903 Iudaeis
1657 1877 1720 1903 VIII
1740 1878 1779 1903 25.

1434 1921 1511 1947 Sicut
1530 1919 1669 1946 laudabile
1689 1920 1738 1945 XII
1760 1921 1798 1945 12.

1434 1965 1511 1990 Sicut
1530 1963 1580 1989 loci
1601 1963 1664 1988 VIII
1685 1963 1725 1988 12.

1433 2007 1510 2033 Sicut
1528 2007 1654 2031 lucernae
1673 2006 1685 2031 Ι
1705 2005 1744 2030 74.

1433 2050 1510 2076 Sicut
1530 2058 1578 2075 nos
1598 2048 1675 2074 nobis
1695 2047 1759 2074 XIII
1779 2049 1820 2073 22.

1433 2093 1510 2119 Sicut
1529 2090 1715 2126 perseveranti
1737 2090 1800 2116 VIII
1822 2091 1860 2115 11.

1433 2136 1510 2161 Sicut
1528 2134 1628 2160 rationi
1649 2133 1711 2158 XIV
1732 2135 1754 2158 3.

1432 2178 1509 2203 Sicut
1529 2176 1671 2209 regiminis·
1691 2177 1702 2201 I
1720 2177 1760 2201 48.

1432 2221 1509 2246 Sicut
1529 2218 1743 2252 reprchensibilc
1763 2218 1813 2244 VH
1837 2219 1872 2243 13.

1432 2263 1509 2289 Sicut
1527 2270 1569 2287 res
1588 2261 1623 2287 ad
1641 2262 1653 2287 I
1671 2262 1712 2287 63.

1432 2305 1509 2331 Sicut
1527 2313 1568 2330 res
1588 2303 1789 2330 ecclesiasticae
1808 2303 1845 2329 IX
1865 2304 1906 2329 93.

1431 2348 1507 2373 Sicut
1527 2346 1662 2373 scismatis
1681 2346 1719 2372 VI
1738 2347 1778 2372 45.

1431 2391 1507 2416 Sicut
1526 2389 1610 2415 studii
1629 2389 1641 2415 Ι
1659 2389 1699 2415 67.

1430 2435 1507 2460 Sicut
1524 2432 1658 2458 veraciter
1677 2431 1729 2457 VII
1754 2432 1793 2457 15.

1430 2475 1606 2503 Sollcninitas
1625 2482 1733 2500 annuae
1753 2475 1780 2500 II
1797 2475 1821 2499 2.

1430 2519 1586 2553 Stephanus
1598 2517 1783 2550 praesentium
1798 2516 1917 2549 portitor
1932 2525 1992 2542 011111

1464 2563 1475 2587 I
1490 2562 1528 2587 14.

1429 2605 1585 2638 Stephanus
1598 2602 1784 2636 praescntiuni
1800 2601 1925 2634 portitor,
1945 2601 1991 2634 qui

1464 2647 1501 2673 IX
1514 2648 1555 2672 84.

1429 2688 1598 2715 Suavissima
1616 2687 1683 2713 mihi
1704 2687 1754 2712 VII
1772 2687 1812 2712 37.

1430 2734 1541 2758 Summa
1560 2731 1677 2757 militiae
1699 2731 1724 2756 II
1743 2729 1783 2755 34.
